@ONLINE{pyne,
author = {{the PyNE Development Team}},
title = {{PyNE: The Nuclear Engineering Toolkit}},
year = {2014},
url = {http://pyne.io}
}

@inproceedings{woodcock,
  title={Techniques used in the {GEM code for Monte Carl}o neutronics calculations in reactors and other systems of complex geometry},
  author={Woodcock, E and Murphy, T and Hemmings, P and Longworth, S},
  booktitle={Proc. Conf. Applications of Computing Methods to Reactor Problems},
  volume={557},
  year={1965}
}

@article{serpent,
author = {Lepp\"{a}nen, Jaakko},
doi = {10.1016/j.anucene.2010.01.011},
file = {:home/krowland/research/1-s2.0-S0306454910000320-main.pdf:pdf},
issn = {03064549},
journal = {Annals of Nuclear Energy},
pages = {715--722},
title = {{Performance of Woodcock delta-tracking in lattice physics applications using the Serpent Monte Carlo reactor physics burnup calculation code}},
volume = {37},
year = {2010}
}
